
    <zs:record>
      <zs:recordSchema/>
      <zs:recordPacking>xml</zs:recordPacking>
      <zs:recordData>
        <record xmlns="http://www.loc.gov/MARC21/slim">
          <leader>01121cam a2200289 i 4500</leader>
          <controlfield tag="001">3233515</controlfield>
          <controlfield tag="005">19891226110812.7</controlfield>
          <controlfield tag="008">790808s1978    enkacf   b    001 0beng  </controlfield>
          <datafield tag="035" ind1=" " ind2=" ">
            <subfield code="9">(DLC)   79311336</subfield>
          </datafield>
          <datafield tag="906" ind1=" " ind2=" ">
            <subfield code="a">7</subfield>
            <subfield code="b">cbc</subfield>
            <subfield code="c">orignew</subfield>
            <subfield code="d">3</subfield>
            <subfield code="e">ncip</subfield>
            <subfield code="f">19</subfield>
            <subfield code="g">y-gencatlg</subfield>
          </datafield>
          <datafield tag="010" ind1=" " ind2=" ">
            <subfield code="a">   79311336 </subfield>
          </datafield>
          <datafield tag="015" ind1=" " ind2=" ">
            <subfield code="a">GB78-18189</subfield>
          </datafield>
          <datafield tag="020" ind1=" " ind2=" ">
            <subfield code="a">0094612005 :</subfield>
            <subfield code="c">£6.95</subfield>
          </datafield>
          <datafield tag="040" ind1=" " ind2=" ">
            <subfield code="a">DLC</subfield>
            <subfield code="c">DLC</subfield>
            <subfield code="d">DLC</subfield>
          </datafield>
          <datafield tag="043" ind1=" " ind2=" ">
            <subfield code="a">e-uk-en</subfield>
          </datafield>
          <datafield tag="050" ind1="0" ind2="0">
            <subfield code="a">LA2375.G72</subfield>
            <subfield code="b">W673 1978</subfield>
          </datafield>
          <datafield tag="082" ind1="0" ind2="0">
            <subfield code="a">378.1/1/0924</subfield>
            <subfield code="a">B</subfield>
          </datafield>
          <datafield tag="100" ind1="1" ind2=" ">
            <subfield code="a">Battiscombe, Georgina.</subfield>
          </datafield>
          <datafield tag="245" ind1="1" ind2="0">
            <subfield code="a">Reluctant pioneer :</subfield>
            <subfield code="b">a life of Elizabeth Wordsworth /</subfield>
            <subfield code="c">[by] Georgina Battiscombe.</subfield>
          </datafield>
          <datafield tag="260" ind1=" " ind2=" ">
            <subfield code="a">London :</subfield>
            <subfield code="b">Constable,</subfield>
            <subfield code="c">1978.</subfield>
          </datafield>
          <datafield tag="300" ind1=" " ind2=" ">
            <subfield code="a">320 p., leaf of plate, [12] p. of plates :</subfield>
            <subfield code="b">ill., ports. ;</subfield>
            <subfield code="c">23 cm.</subfield>
          </datafield>
          <datafield tag="500" ind1=" " ind2=" ">
            <subfield code="a">"Elizabeth Wordsworth, by E. M. Jamison," p. [223]-311.</subfield>
          </datafield>
          <datafield tag="504" ind1=" " ind2=" ">
            <subfield code="a">Includes bibliographical references and index.</subfield>
          </datafield>
          <datafield tag="600" ind1="1" ind2="0">
            <subfield code="a">Wordsworth, Elizabeth,</subfield>
            <subfield code="c">Dame,</subfield>
            <subfield code="d">1840-1932</subfield>
          </datafield>
          <datafield tag="650" ind1=" " ind2="0">
            <subfield code="a">College teachers</subfield>
            <subfield code="z">Great Britain</subfield>
            <subfield code="x">Biography.</subfield>
          </datafield>
          <datafield tag="700" ind1="1" ind2="2">
            <subfield code="a">Jamison, Evelyn M.</subfield>
            <subfield code="q">(Evelyn Mary),</subfield>
            <subfield code="d">1877-1972.</subfield>
            <subfield code="t">Elizabeth Wordsworth.</subfield>
            <subfield code="f">1978.</subfield>
          </datafield>
          <datafield tag="991" ind1=" " ind2=" ">
            <subfield code="b">c-GenColl</subfield>
            <subfield code="h">LA2375.G72</subfield>
            <subfield code="i">W673 1978</subfield>
            <subfield code="p">00001132738</subfield>
            <subfield code="t">Copy 1</subfield>
            <subfield code="w">BOOKS</subfield>
          </datafield>
        </record>
      </zs:recordData>
      <zs:recordPosition>2</zs:recordPosition>
    </zs:record>